@article{lubitz2017,
  title={Who drives the market? Sentiment analysis of financial news posted on Reddit and Financial Times},
  author={Lubitz, Michael},
  journal={University of Freiburg Publications},
  year={2017}
}

@Online{brandwatch,
  author = {Boyd, Joshua},
  note   = {[Online]},
  title  = {{R}eddit {T}op 6 {T}ools f√ºr die {S}ubreddit {A}nalyse},
  url    = {https://www.brandwatch.com/de/blog/reddit-top-6-tools-fuer-die-subreddit-analyse/},
  year={2022}
}

@inproceedings{wang2021,
  title={Predicting \$ GME Stock Price Movement Using Sentiment from Reddit r/wallstreetbets},
  author={Wang, Charlie and Luo, Ben},
  booktitle={Proceedings of the Third Workshop on Financial Technology and Natural Language Processing},
  pages={22--30},
  year={2021}
}