@Online{instanbuljs,
  author = {Istanbul},
  note = {[Online]},
  title = {Istanbul - {J}avaScript test coverage made simple},
  url = {https://istanbul.js.org/},
  year = {2022}
}

@Online{mochajs,
  author = {Mochajs},
  note = {[Online]},
  title = {Mocha - {J}avaScript test framework running on {N}ode.js and in the browser},
  url = {https://mochajs.org/},
  year = {2022}
}

@Online{stl,
  author = {{Testing Library}},
  note = {[Online]},
  title = {Svelte {T}esting {L}ibrary},
  url = {https://github.com/testing-library/svelte-testing-library},
  year = {2022}
}

@Online{vitest,
  author = {Vitest},
  note = {[Online]},
  title = {Vitest - {A} {V}ite-native unit test framework},
  url = {https://vitest.dev/},
  year = {2022}
}
